@misc{arxiv.1409.1556,
  doi = {10.48550/ARXIV.1409.1556},
  
  url = {https://arxiv.org/abs/1409.1556},
  
  author = {Simonyan, Karen and Zisserman, Andrew},
  
  keywords = {Computer Vision and Pattern Recognition (cs.CV), FOS: Computer and information sciences, FOS: Computer and information sciences},
  
  title = {Very Deep Convolutional Networks for Large-Scale Image Recognition},
  
  publisher = {arXiv},
  
  year = {2014},
  
  copyright = {arXiv.org perpetual, non-exclusive license}
}
@misc{arxiv.1206.5533,
  doi = {10.48550/ARXIV.1206.5533},
  
  url = {https://arxiv.org/abs/1206.5533},
  
  author = {Bengio, Yoshua},
  
  keywords = {Machine Learning (cs.LG), FOS: Computer and information sciences, FOS: Computer and information sciences},
  
  title = {Practical recommendations for gradient-based training of deep architectures},
  
  publisher = {arXiv},
  
  year = {2012},
  
  copyright = {arXiv.org perpetual, non-exclusive license}
}
@article{neco.1989.1.4.541,
    author = {LeCun, Y. and Boser, B. and Denker, J. S. and Henderson, D. and Howard, R. E. and Hubbard, W. and Jackel, L. D.},
    title = "{Backpropagation Applied to Handwritten Zip Code Recognition}",
    journal = {Neural Computation},
    volume = {1},
    number = {4},
    pages = {541-551},
    year = {1989},
    month = {12},
    issn = {0899-7667},
    doi = {10.1162/neco.1989.1.4.541},
    url = {https://doi.org/10.1162/neco.1989.1.4.541},
    eprint = {https://direct.mit.edu/neco/article-pdf/1/4/541/811941/neco.1989.1.4.541.pdf},
}
@inproceedings{alexNet,
author = {Krizhevsky, Alex and Sutskever, Ilya and Hinton, Geoffrey E.},
title = {ImageNet Classification with Deep Convolutional Neural Networks},
year = {2012},
publisher = {Curran Associates Inc.},
address = {Red Hook, NY, USA},
booktitle = {Proceedings of the 25th International Conference on Neural Information Processing Systems - Volume 1},
pages = {1097â€“1105},
numpages = {9},
location = {Lake Tahoe, Nevada},
series = {NIPS'12}
}
@misc{RCNN,
  doi = {10.48550/ARXIV.1311.2524},
  
  url = {https://arxiv.org/abs/1311.2524},
  
  author = {Girshick, Ross and Donahue, Jeff and Darrell, Trevor and Malik, Jitendra},
  
  keywords = {Computer Vision and Pattern Recognition (cs.CV), FOS: Computer and information sciences, FOS: Computer and information sciences},
  
  title = {Rich feature hierarchies for accurate object detection and semantic segmentation},
  
  publisher = {arXiv},
  
  year = {2013},
  
  copyright = {arXiv.org perpetual, non-exclusive license}
}
@misc{fastRCNN,
  doi = {10.48550/ARXIV.1504.08083},
  
  url = {https://arxiv.org/abs/1504.08083},
  
  author = {Girshick, Ross},
  
  keywords = {Computer Vision and Pattern Recognition (cs.CV), FOS: Computer and information sciences, FOS: Computer and information sciences},
  
  title = {Fast R-CNN},
  
  publisher = {arXiv},
  
  year = {2015},
  
  copyright = {arXiv.org perpetual, non-exclusive license}
}
@misc{fasterRCNN,
  doi = {10.48550/ARXIV.1506.01497},
  
  url = {https://arxiv.org/abs/1506.01497},
  
  author = {Ren, Shaoqing and He, Kaiming and Girshick, Ross and Sun, Jian},
  
  keywords = {Computer Vision and Pattern Recognition (cs.CV), FOS: Computer and information sciences, FOS: Computer and information sciences},
  
  title = {Faster R-CNN: Towards Real-Time Object Detection with Region Proposal Networks},
  
  publisher = {arXiv},
  
  year = {2015},
  
  copyright = {arXiv.org perpetual, non-exclusive license}
}
@inproceedings{svhn,
title = {Reading Digits in Natural Images with Unsupervised Feature Learning},
author  = {Yuval Netzer and Tao Wang and Adam Coates and Alessandro Bissacco and Bo Wu and Andrew Y. Ng},
year  = {2011},
URL = {http://ufldl.stanford.edu/housenumbers/nips2011_housenumbers.pdf},
booktitle = {NIPS Workshop on Deep Learning and Unsupervised Feature Learning 2011}
}
@misc{arxiv.1312.6082,
  doi = {10.48550/ARXIV.1312.6082},
  
  url = {https://arxiv.org/abs/1312.6082},
  
  author = {Goodfellow, Ian J. and Bulatov, Yaroslav and Ibarz, Julian and Arnoud, Sacha and Shet, Vinay},
  
  keywords = {Computer Vision and Pattern Recognition (cs.CV), FOS: Computer and information sciences, FOS: Computer and information sciences},
  
  title = {Multi-digit Number Recognition from Street View Imagery using Deep Convolutional Neural Networks},
  
  publisher = {arXiv},
  
  year = {2013},
  
  copyright = {arXiv.org perpetual, non-exclusive license}
}
@misc{adam,
  doi = {10.48550/ARXIV.1412.6980},
  
  url = {https://arxiv.org/abs/1412.6980},
  
  author = {Kingma, Diederik P. and Ba, Jimmy},
  
  keywords = {Machine Learning (cs.LG), FOS: Computer and information sciences, FOS: Computer and information sciences},
  
  title = {Adam: A Method for Stochastic Optimization},
  
  publisher = {arXiv},
  
  year = {2014},
  
  copyright = {arXiv.org perpetual, non-exclusive license}
}








